@article{petersen2008matrix,
  title={The matrix cookbook},
  author={Petersen, Kaare Brandt and Pedersen, Michael Syskind and others},
  journal={Technical University of Denmark},
  volume={7},
  number={15},
  pages={510},
  url={https://www.math.uwaterloo.ca/~hwolkowi/matrixcookbook.pdf},
  year={2008}
}


@book{toponogov2006differential,
  title={Differential geometry of curves and surfaces: A Concise Guide},
  author={Toponogov, Victor A}, 
  year={2006},
  publisher={Springer}
}


